@article{doi:10.1063/1.3010859,
author = {GÃ¶ppl,M.  and Fragner,A.  and Baur,M.  and Bianchetti,R.  and Filipp,S.  and Fink,J. M.  and Leek,P. J.  and Puebla,G.  and Steffen,L.  and Wallraff,A. },
title = {Coplanar waveguide resonators for circuit quantum electrodynamics},
journal = {Journal of Applied Physics},
volume = {104},
number = {11},
pages = {113904},
year = {2008},
doi = {10.1063/1.3010859},

URL = { 
        https://doi.org/10.1063/1.3010859
    
},
eprint = { 
        https://doi.org/10.1063/1.3010859
    
}

}

@ARTICLE{402973, 
author={K. Yoshida and K. Watanabe and T. Kisu and K. Enpuku}, 
journal={IEEE Transactions on Applied Superconductivity}, 
title={Evaluation of magnetic penetration depth and surface resistance of superconducting thin films using coplanar waveguides}, 
year={1995}, 
volume={5}, 
number={2}, 
pages={1979-1982}, 
doi={10.1109/77.402973}, 
ISSN={1051-8223}, 
month={June},}

@article{1347-4065-33-10R-5708,
  author={Koki Watanabe and Keiji Yoshida and Takeshi Aoki  and Satoshi Kohjiro},
  title={Kinetic Inductance of Superconducting Coplanar Waveguides},
  journal={Japanese Journal of Applied Physics},
  volume={33},
  number={10R},
  pages={5708},
  url={http://stacks.iop.org/1347-4065/33/i=10R/a=5708},
  year={1994}
}
	

